%% EA Bibliography entries
%%

%%% Collaborative autonomy references

@article{choi2009consensus,
  title={Consensus-based decentralized auctions for robust task allocation},
  author={Choi, Han-Lim and Brunet, Luc and How, Jonathan P},
  journal={Robotics, IEEE Transactions on},
  volume={25},
  number={4},
  pages={912--926},
  year={2009},
  publisher={IEEE}
}

@article{wellman2001auction,
  title={Auction protocols for decentralized scheduling},
  author={Wellman, Michael P and Walsh, William E and Wurman, Peter R and MacKie-Mason, Jeffrey K},
  journal={Games and Economic Behavior},
  volume={35},
  number={1},
  pages={271--303},
  year={2001},
  publisher={Elsevier}
}

@article{walsh2003decentralized,
  title={Decentralized supply chain formation: A market protocol and competitive equilibrium analysis},
  author={Walsh, William E and Wellman, Michael P},
  journal={J. Artif. Intell. Res.(JAIR)},
  volume={19},
  pages={513--567},
  year={2003}
}

@article{ren2007information,
  title={Information consensus in multivehicle cooperative control},
  author={Ren, Wei and Beard, Randal W and Atkins, Ella M},
  journal={Control Systems, IEEE},
  volume={27},
  number={2},
  pages={71--82},
  year={2007},
  publisher={IEEE}
}

@book{tsourdos2010cooperative,
  title={Cooperative path planning of unmanned aerial vehicles},
  author={Tsourdos, Antonios and White, Brian and Shanmugavel, Madhavan},
  volume={32},
  year={2010},
  publisher={Wiley}
}

@article{mclain2005coordination,
  title={Coordination variables, coordination functions, and cooperative timing missions},
  author={McLain, Timothy W and Beard, Randal W},
  journal={Journal of Guidance, Control, and Dynamics},
  volume={28},
  number={1},
  pages={150--161},
  year={2005}
}

@incollection{bellingham2003multi,
  title={Multi-task allocation and path planning for cooperating UAVs},
  author={Bellingham, John and Tillerson, Michael and Richards, Arthur and How, Jonathan P},
  booktitle={Cooperative Control: Models, Applications and Algorithms},
  pages={23--41},
  year={2003},
  publisher={Springer}
}

@article{parasuraman2008humans,
  title={Humans: Still vital after all these years of automation},
  author={Parasuraman, Raja and Wickens, Christopher D},
  journal={Human Factors: The Journal of the Human Factors and Ergonomics Society},
  volume={50},
  number={3},
  pages={511--520},
  year={2008},
  publisher={Sage Publications}
}

@inproceedings{karami2010human,
  title={Human-robot collaboration for a shared mission},
  author={Karami, A-B and Jeanpierre, Laurent and Mouaddib, A-I},
  booktitle={Human-Robot Interaction (HRI), 2010 5th ACM/IEEE International Conference on},
  pages={155--156},
  year={2010},
  organization={IEEE}
}

@inproceedings{nehaniv2005methodological,
  title={A methodological approach relating the classification of gesture to identification of human intent in the context of human-robot interaction},
  author={Nehaniv, Chrystopher L and Dautenhahn, Kerstin and Kubacki, Jens and Haegele, Martin and Parlitz, Christopher and Alami, Rachid},
  booktitle={Robot and Human Interactive Communication, 2005. ROMAN 2005. IEEE International Workshop on},
  pages={371--377},
  year={2005},
  organization={IEEE}
}

@inproceedings{santos2003user,
  title={User modelling for intent prediction in information analysis},
  author={Santos, Eugene and Nguyen, Hien and Zhao, Qunhua and Wang, Hua},
  booktitle={Proceedings of the Human Factors and Ergonomics Society Annual Meeting},
  volume={47},
  number={8},
  pages={1034--1038},
  year={2003},
  organization={SAGE Publications}
}

@incollection{fong2003collaboration,
  title={Collaboration, dialogue, human-robot interaction},
  author={Fong, Terrence and Thorpe, Charles and Baur, Charles},
  booktitle={Robotics Research},
  pages={255--266},
  year={2003},
  publisher={Springer}
}

@article{trafton2005enabling,
  title={Enabling effective human-robot interaction using perspective-taking in robots},
  author={Trafton, J Gregory and Cassimatis, Nicholas L and Bugajska, Magdalena D and Brock, Derek P and Mintz, Farilee E and Schultz, Alan C},
  journal={Systems, Man and Cybernetics, Part A: Systems and Humans, IEEE Transactions on},
  volume={35},
  number={4},
  pages={460--470},
  year={2005},
  publisher={IEEE}
}

%%%  Systems engineering references

@inproceedings{forsberg1999system,
  title={System engineering for faster, cheaper, better},
  author={Forsberg, Kevin and Mooz, Harold},
  booktitle={1999 Ninth annual international symposium (INCOSE), Brighton, England},
  year={1999},
  organization={Citeseer}
}

@article{estefan2007survey,
  title={Survey of model-based systems engineering (MBSE) methodologies},
  author={Estefan, Jeff A and others},
  journal={Incose MBSE Focus Group},
  volume={25},
  year={2007}
}

@article{balmelli2006model,
  title={Model-driven systems development},
  author={Balmelli, Laurent and Brown, David and Cantor, Murray and Mott, Michael},
  journal={IBM Systems Journal},
  volume={45},
  number={3},
  pages={569--585},
  year={2006},
  publisher={IBM}
}

@inproceedings{dvorak2000software,
  title={Software architecture themes in JPL's Mission Data System},
  author={Dvorak, Daniel and Rasmussen, Robert and Reeves, Glenn and Sacks, Allan},
  booktitle={Aerospace Conference Proceedings, 2000 IEEE},
  volume={7},
  pages={259--268},
  year={2000},
  organization={IEEE}
}

@inproceedings{pretschner2007software,
  title={Software engineering for automotive systems: A roadmap},
  author={Pretschner, Alexander and Broy, Manfred and Kruger, Ingolf H and Stauner, Thomas},
  booktitle={2007 Future of Software Engineering},
  pages={55--71},
  year={2007},
  organization={IEEE Computer Society}
}

@inproceedings{bringmann2008model,
  title={Model-based testing of automotive systems},
  author={Bringmann, Eckard and Kramer, A},
  booktitle={Software Testing, Verification, and Validation, 2008 1st International Conference on},
  pages={485--493},
  year={2008},
  organization={IEEE}
}

@article{gascuena2012model,
  title={Model-driven engineering techniques for the development of multi-agent systems},
  author={Gascue{\~n}a, Jos{\'e} M and Navarro, Elena and Fern{\'a}ndez-Caballero, Antonio},
  journal={Engineering Applications of Artificial Intelligence},
  volume={25},
  number={1},
  pages={159--173},
  year={2012},
  publisher={Elsevier}
}
