%% This BibTeX bibliography file was created using BibDesk.
%% http://bibdesk.sourceforge.net/


%% Created for Mark Campbell at 2013-12-18 17:42:18 -0500 


%% Saved with string encoding Unicode (UTF-8) 



@inproceedings{johnson2012execution,
	Author = {Johnson, Benjamin and Havlak, Frank and Campbell, Mark and Kress-Gazit, Hadas},
	Booktitle = {Robotics and Automation (ICRA), 2012 IEEE International Conference on},
	Date-Added = {2013-12-18 22:39:40 +0000},
	Date-Modified = {2013-12-18 22:39:40 +0000},
	Organization = {IEEE},
	Pages = {330--337},
	Title = {Execution and analysis of high-level tasks with dynamic obstacle anticipation},
	Year = {2012}}

@article{Ahmed2013,
	Author = {N. Ahmed, E. de Visserb, T. Shaw, A. Mohamed-Ameen, M. Campbell, and R. Parasuraman},
	Date-Added = {2013-12-18 22:22:28 +0000},
	Date-Modified = {2013-12-18 22:22:28 +0000},
	Journal = {Ergonomics},
	Title = {Statistical Modeling of Networked Human-Automation Performance Using Working Memory Capacity},
	Year = {2013}}

@misc{tech-horizons2011,
	Author = {{Office of the US AIr Force Chief Scientist}},
	Date-Added = {2013-12-18 22:16:01 +0000},
	Date-Modified = {2013-12-18 22:17:51 +0000},
	Month = {September},
	Title = {Technology Horizons: A vision for Air Force Science and Technology 2010-30},
	Url = {http://www.defenseinnovationmarketplace.mil/resources/AF_TechnologyHorizons2010-2030.pdf},
	Year = {2011}}

@article{raman2012explaining,
	Author = {Vasumathi Raman and Hadas Kress-Gazit},
	Date-Added = {2013-12-18 22:12:41 +0000},
	Date-Modified = {2013-12-18 22:13:51 +0000},
	Journal = {IEEE Transactions on Robotics},
	Publisher = {IEEE},
	Title = {Explaining Impossible High-Level Robot Behaviors},
	Year = {2012}}

@article{kress2009temporal,
	Author = {Kress-Gazit, Hadas and Fainekos, Georgios E and Pappas, George J},
	Date-Added = {2013-12-18 22:10:28 +0000},
	Date-Modified = {2013-12-18 22:42:16 +0000},
	Journal = {IEEE Transactions on Robotics},
	Number = {6},
	Pages = {1370--1381},
	Publisher = {IEEE},
	Title = {Temporal-logic-based reactive mission and motion planning},
	Volume = {25},
	Year = {2009}}

@misc{PSC2012,
	Author = {{Autonomy Priority Steering Council}},
	Date-Added = {2013-12-18 21:44:04 +0000},
	Date-Modified = {2013-12-18 21:59:45 +0000},
	Month = {November},
	Title = {Brief on Autonomy Initiatives in the US DoD},
	Url = {http://www.defenseinnovationmarketplace.mil/resources/Autonomy-PSC_Briefing_DistroA_RE.pdf},
	Year = {2012}}
